@inproceedings{hunt2010zookeeper,
  title={ZooKeeper: Wait-free Coordination for Internet-scale Systems.},
  author={Hunt, Patrick and Konar, Mahadev and Junqueira, Flavio Paiva and Reed, Benjamin},
  booktitle={USENIX annual technical conference},
  volume={8},
  pages={9},
  year={2010},
  organization={Boston, MA, USA}
}

@book{herlihy2011art,
  title={The art of multiprocessor programming},
  author={Herlihy, Maurice and Shavit, Nir},
  year={2011},
  publisher={Morgan Kaufmann}
}

@inproceedings{herlihy1990methodology,
  title={A methodology for implementing highly concurrent data structures},
  author={Herlihy, Maurice},
  booktitle={ACM SIGPLAN Notices},
  volume={25},
  number={3},
  pages={197--206},
  year={1990},
  organization={ACM}
}

@article{herlihy1991wait,
  title={Wait-free synchronization},
  author={Herlihy, Maurice},
  journal={ACM Transactions on Programming Languages and Systems (TOPLAS)},
  volume={13},
  number={1},
  pages={124--149},
  year={1991},
  publisher={ACM}
}
@article{attiya1994wait,
  title={Are wait-free algorithms fast?},
  author={Attiya, Hagit and Lynch, Nancy and Shavit, Nir},
  journal={Journal of the ACM (JACM)},
  volume={41},
  number={4},
  pages={725--763},
  year={1994},
  publisher={ACM}
}
@inproceedings{michael1996simple,
  title={Simple, fast, and practical non-blocking and blocking concurrent queue algorithms},
  author={Michael, Maged M and Scott, Michael L},
  booktitle={Proceedings of the fifteenth annual ACM symposium on Principles of distributed computing},
  pages={267--275},
  year={1996},
  organization={ACM}
}